@manual{max1473,
title = "MAX1473 - Datasheet",
organization = "Maxin Integrated"}

@booklet{hacker_handbook,
title = "The Car Hacker's Handbook: a guide for the penetration tester",
author = "Craig Smith",
year = 2016}

@UNPUBLISHED{detectiong_jamming,
title = "The Feasibility of Launching and Detecting Jamming Attacks in Wireless Networks",
author = "{Wenyuan Xu, Wade Trappe, Yanyong Zhang and Timothy Wood}",
note ="Rutgers University"}


@article{denial_service,
title = "Denial of Service Attacks in Wireless Networks: The Case of Jammers",
author = "{Konstantinos Pelechrinis, Marios Iliofotou and Srikanth V. Krishnamurthy}",
year = 2011,
journal = " IEEE communications surveys and tutorials"}

@UNPUBLISHED{jamming-sensor,
title = "Jamming Sensor Networks:
Attack and Defense Strategies",
author = "{Wenyuan Xu, Ke Ma, Wade Trappe and Yanyong Zhang}",
note = "Rutgers University"}


@article{blocking,
title = "Blocking and Desensitization in RF Amplifiers",
author = "{Robert G. Meyer and Alvin K. Wong}",
year = 1995,
journal = "IEEE JOURNAL OF SOLID-STATE CIRCUITS, VOL. 30"}

@article{intentional-elec,
title = "Intentional Electromagnetic Interference Through
Saturation of the RF Front End",
author = "{Stefan van de Beek, Robert Vogt-Ardatjew and Frank Leferink}",
year = 2015,
journal = "APEMC"}

@UNPUBLISHED{reactive,
title = "Reactive Jamming in Wireless Networks â€” How Realistic is the Threat?",
author = "{Matthias Wilhelm, Ivan Martinovic, Jens B. Schmitt and Vincent Lenders}",
note = "Disco Labs"}

@manual{cc1101,
title = "CC1101. Low power Sub-1 GHz RF Transceiver - Datasheet",
organization = "Texas Instruments"}

@manual{sim800,
title = "SIM800L - Datasheet",
organization = "SIMCom"}